3864 5138
564 322 589 380 2

507 441 604 536 quae
645 437 838 536 coeperat
883 408 965 502 Vir
1003 403 1519 520 summusconlicienda‚
1543 405 1754 534 aggressu-

508 552 623 652 ros,
669 533 744 631 sed
790 533 1135 657 expectationem
1177 533 1399 661 bucusque
1436 529 1758 632 fefelliteven·

503 692 603 779 rus,
633 695 713 758 nec
743 661 979 788 quicquam
1018 657 1255 784 profuere,
1301 691 1397 787 quat
1422 661 1475 758 'in
1498 660 1757 786 ¹,praelatione

499 790 728 891 memorati
758 783 858 881 libri
887 785 1117 910 leguntur,
1147 793 1470 888 excitamentam
1721 829 1725 838 ²

566 918 695 1014 Plura
742 941 798 1010 ex
846 911 1161 1011 Betnoulliano
1185 921 1383 1013 ¹'Canone
1420 915 1650 1016 utilissima
1676 913 1762 1010 do·

504 1071 710 1143 cumentt
745 1035 802 1136 ad
836 1069 993 1134 omnes
1031 1069 1151 1136 artes
1182 1039 1510 1170 disciplinasque
1540 1045 1764 1166 pertinen·

510 1176 573 1268 tia
605 1167 738 1264 fluere
773 1197 866 1261 non
899 1163 1204 1292 ignorabam,
1266 1201 1311 1265 at
1344 1167 1642 1290 hujuscemodi
1673 1165 1762 1288 spe·

509 1293 752 1392 culationes
779 1285 897 1416 sequi
926 1293 1111 1412 ingeniis
1144 1291 1531 1390 excellentioribus
1543 1295 1761 1418 relinque·

507 1423 638 1518 bum.
674 1423 725 1514 In
749 1419 963 1540 'promptu
989 1448 1085 1513 erat
1120 1413 1299 1540 simplex
1328 1429 1379 1514 ·&
1407 1417 1762 1542 perfeda'Theo·

506 1548 569 1644 ria
604 1542 662 1639 de
693 1543 809 1637 ludis
841 1535 1079 1656 fortuitis,
1125 1575 1220 1668 quae
1248 1544 1352 1639 licet
1376 1575 1437 1638 ert
1461 1544 1616 1639 alienis
1642 1545 1763 1666 ,prin-

506 1670 630 1795 cipiis
661 1665 898 1763 videbatur
923 1664 1219 1800 deprompta,
1245 1701 1347 1764 eam
1379 1701 1526 1764 tamen
1558 1671 1605 1764 in
1624 1665 1763 1791 publi·

508 1826 609 1892 cum
626 1796 798 1888 mittere
814 1791 1094 1914 cogitabam,
1118 1792 1201 1888 nist
1232 1791 1353 1890 Clas.
1368 1793 1535 1890 Daniel
1554 1793 1761 1894 Bernoul·

510 1922 596 2016 lius
622 1912 784 2011 laudati
815 1919 1020 2011 nuttoris
1045 1949 1106 2012 ex
1132 1913 1268 2014 fratre
1295 1953 1355 2014 ne
1389 1952 1439 2012 os
1465 1921 1513 2012 in
1551 1921 1660 2014 hanc
1676 1951 1762 2012 ma·

506 2047 661 2140 teriam
694 2042 1128 2163 cogitationes'lltas
1155 2044 1330 2138 contuli
1360 2063 1450 2160 et,
1494 2039 1673 2139 suorum
1702 2044 1763 2136 la·
1838 2051 1842 2056 ’
1924 2043 1925 2046 ‘

511 2169 670 2265 borum
704 2161 864 2260 fruuus
910 2163 1001 2286 ipsc
1033 2199 1210 2295 quoque
1262 2167 1505 2293 aliquando
1539 2167 1764 2263 editurus.

509 2297 637 2394 Cunt·
661 2287 733 2384 ille
761 2284 973 2382 deludis
1005 2295 1150 2408 ageret
1178 2365 1195 2406 ,
1230 2327 1335 2389 non
1364 2291 1628 2392 dubitabam
1653 2295 1763 2418 'quin

510 2445 632 2522 totus
664 2415 710 2507 in
736 2445 795 2506 eo
819 2405 954 2528 esset,
980 2439 1048 2507 ut*
1068 2417 1236 2514 molem
1261 2447 1513 2530 extrueret,
1542 2423 1669 2538 ‘cujus
1689 2421 1765 2510 Pa·

509 2567 630 2639 truus
660 2535 948 2634 fundamenta
972 2541 1164 2657 iecerat.
1193 2547 1361 2640 'Verum
1392 2545 1599 2636 eximium
1624 2547 1765 2661 Juve-

513 2699 617 2764 nem
666 2667 711 2760 in
757 2661 844 2759 suis
886 2669 1275 2768 exercitationibus
1321 2664 1644 2763 *Mathematicis
1688 2692 1767 2785 ¹pet

512 2791 720 2916 obliquos
777 2790 1052 2918 incertosque
1104 2791 1261 2881 ·Calles
1304 2792 1454 2904 vagati
1491 2789 1762 2893 observavi3

512 2949 646 3041 quare
682 2942 859 3037 operam
899 2915 1007 3013 mihi
1036 2907 1290 3010 navandam
1313 2907 1556 3030 constitui,
1598 2937 1654 3000 :ut
1686 2899 1766 2996 nisr

511 3038 745 3164 superbum
772 3039 1053 3147 aedilicium,
1110 3031 1305 3128 securum
1338 3035 1489 3125 saltem
1524 3027 1766 3149 perfugium

513 3165 851 3282 construerem,
892 3195 989 3292 quo
1020 3189 1091 3254 me
1114 3156 1283 3282 ,possem
1307 3155 1373 3254 ab
1412 3149 1663 3252 Adversarii
1701 3147 1768 3244 di·

513 3292 655 3388 dieriis
698 3293 808 3390 tueri
837 3366 854 3404 .,
894 3301 945 3386 ὅτ
976 3282 1086 3380 alios
1111 3283 1174 3381 ab
1199 3285 1370 3406 injuriis
1400 3275 1590 3376 sortunae
1619 3273 1769 3370 uindi-

513 3449 610 3518 care
639 3447 667 3514 .·
702 3419 753 3513 In
787 3417 873 3510 hoc
904 3411 1034 3531 igitur
1060 3413 1276 3534 praecipue
1302 3405 1536 3521 conabor,
1577 3431 1632 3498 ut
1665 3431 1768 3522 pro·

513 3538 752 3668 postriones
775 3539 1068 3636 elementares
1106 3536 1171 3634 ad
1213 3536 1377 3634 ludum
1402 3532 1527 3631 mee
1547 3530 1766 3653 pertinen.

514 3698 580 3768 tes
617 3669 827 3778 tradam,
872 3657 1058 3758 laudem
1086 3661 1154 3760 illi
1184 3665 1437 3792 relinquens
1468 3656 1515 3753 sc
1541 3653 1769 3777 implican-

513 3793 566 3894 di
593 3798 639 3894 in
674 3791 876 3890 scrietum
900 3784 1198 3910 ambagibus,
1257 3823 1364 3918 quas
1389 3811 1620 3911 tamquam
1651 3809 1771 3922 arca·

511 3934 594 4032 nas
623 3917 759 4030 edit,
803 3947 859 4010 ac
888 3908 923 4010 st
954 3913 1012 4012 ab
1036 3916 1135 4033 ejus
1168 3921 1362 4033 Patruo,
1405 3921 1451 4008 &
1481 3907 1765 4005 Matbentau·

513 4046 575 4142 cis
603 4043 764 4165 Anglis
789 4039 946 4138 harum
973 4044 1208 4138 Provincia
1240 4045 1298 4140 ita
1324 4051 1545 4163 occupata
1575 4065 1671 4130 non
1690 4025 1770 4141 stt,

513 4195 563 4262 ut
596 4172 749 4287 parurn
781 4166 1045 4268 addendum
1071 4165 1155 4264 ¹fibi
1182 4164 1391 4295 supersrt.

576 4292 653 4389 Ne
682 4291 842 4390 deuius
876 4302 901 4392 a
935 4289 1162 4417 propofito
1187 4297 1347 4395 abeant
1382 4372 1393 4412 ,
1435 4291 1611 4412 vestigia
1640 4292 1769 4410 Jaco-

507 4411 561 4509 bi·
590 4419 833 4518 Bernoullii
867 4417 1048 4546 sequar:
1079 4424 1146 4519 Ut
1177 4419 1301 4522 suurn
1334 4429 1511 4548 Dogma
1544 4411 1768 4638 f³⁰³¹fi.-¹¹¹·

1599 4570 1642 4639 te
1678 4569 1708 4631 t·
